<record><leader>00000cas a22000007a 4500</leader><controlfield tag="001">13177689</controlfield><controlfield tag="008">860220c19229999inudn ne      0    0eng d</controlfield><datafield ind1=" " ind2=" " tag="010"><subfield code="a">sn 86058260 </subfield></datafield><datafield ind1=" " ind2=" " tag="040"><subfield code="a">NPI</subfield><subfield code="b">eng</subfield><subfield code="c">NPI</subfield><subfield code="d">OCLCQ</subfield><subfield code="d">IUL</subfield><subfield code="d">OCLCF</subfield></datafield><datafield ind1=" " ind2=" " tag="042"><subfield code="a">msc</subfield></datafield><datafield ind1=" " ind2=" " tag="043"><subfield code="a">n-us-in</subfield></datafield><datafield ind1="0" ind2=" " tag="130"><subfield code="a">Commercial-review (Portland, Ind. : 1922 : Daily)</subfield></datafield><datafield ind1="1" ind2="4" tag="245"><subfield code="a">The commercial-review.</subfield></datafield><datafield ind1=" " ind2=" " tag="260"><subfield code="a">Portland, Ind. :</subfield><subfield code="b">Franklin Hildebrand,</subfield><subfield code="c">1922-</subfield></datafield><datafield ind1=" " ind2=" " tag="300"><subfield code="a">v. :</subfield><subfield code="b">ill. ;</subfield><subfield code="c">55 cm.</subfield></datafield><datafield ind1=" " ind2=" " tag="310"><subfield code="a">Daily (except Sun. and major holidays)</subfield></datafield><datafield ind1="0" ind2=" " tag="362"><subfield code="a">Vol. 29, no. 159 (May 26, 1922)-</subfield></datafield><datafield ind1=" " ind2="0" tag="651"><subfield code="a">Portland (Ind.)</subfield><subfield code="v">Newspapers.</subfield></datafield><datafield ind1=" " ind2="0" tag="651"><subfield code="a">Jay County (Ind.)</subfield><subfield code="v">Newspapers.</subfield></datafield><datafield ind1=" " ind2="7" tag="651"><subfield code="a">Indiana</subfield><subfield code="z">Jay County.</subfield><subfield code="2">fast</subfield><subfield code="0">(OCoLC)fst01208876</subfield></datafield><datafield ind1=" " ind2="7" tag="651"><subfield code="a">Indiana</subfield><subfield code="z">Portland.</subfield><subfield code="2">fast</subfield><subfield code="0">(OCoLC)fst01235716</subfield></datafield><datafield ind1=" " ind2="7" tag="655"><subfield code="a">Newspapers.</subfield><subfield code="2">fast</subfield><subfield code="0">(OCoLC)fst01423814</subfield></datafield><datafield ind1=" " ind2=" " tag="752"><subfield code="a">United States</subfield><subfield code="b">Indiana</subfield><subfield code="c">Jay</subfield><subfield code="d">Portland.</subfield></datafield><datafield ind1="0" ind2="0" tag="780"><subfield code="t">Portland commercial-review</subfield><subfield code="w">(DLC)sn 86058259</subfield><subfield code="w">(OCoLC)13177562</subfield></datafield><datafield ind1="0" ind2="5" tag="780"><subfield code="t">Republican (Portland, Ind.)</subfield></datafield><datafield ind1="0" ind2="5" tag="780"><subfield code="t">Graphic (Portland, Ind. : 1956)</subfield><subfield code="g">1962</subfield><subfield code="w">(DLC)sn 87056780</subfield><subfield code="w">(OCoLC)16859520</subfield></datafield></record>